<?xml version="1.0" encoding="UTF-8"?><collection xmlns="http://www.loc.gov/MARC21/slim"><record><leader>00418nam--2200133-i-4500</leader><controlfield tag="001">000037997</controlfield><controlfield tag="002">20161230</controlfield><controlfield tag="005">20161230201041</controlfield><controlfield tag="008">060222s1000------------r-----000-0-eng-d</controlfield><datafield ind1=" " ind2=" " tag="080"><subfield code="a">539.12.172:530.145:57.957</subfield></datafield><datafield ind1=" " ind2=" " tag="100"><subfield code="a">Rajaraman,R</subfield></datafield><datafield ind1=" " ind2=" " tag="245"><subfield code="a">Solutions and instantons. an intr.to solitons and instantons in quantum field theory</subfield></datafield><datafield ind1=" " ind2=" " tag="260"><subfield code="a">Amsterdam, North-holland Publishing Comp.,1982. Vii + 409 P</subfield></datafield><datafield ind1=" " ind2=" " tag="852"><subfield code="a">70259</subfield></datafield></record></collection>